<?xml version="1.0" encoding="UTF-8"?><record xmlns="http://www.loc.gov/MARC21/slim" xmlns:cinclude="http://apache.org/cocoon/include/1.0" xmlns:zs="http://www.loc.gov/zing/srw/">
  <leader>00762nz  a2200205n  4500</leader>
  <controlfield tag="001">n  93055812 </controlfield>
  <controlfield tag="003">DLC</controlfield>
  <controlfield tag="005">19930614125123.1</controlfield>
  <controlfield tag="008">930614n| acaaaaaa|          |a ana |||  </controlfield>
  <datafield tag="010" ind1=" " ind2=" ">
    <subfield code="a">n  93055812 </subfield>
  </datafield>
  <datafield tag="040" ind1=" " ind2=" ">
    <subfield code="a">DLC</subfield>
    <subfield code="c">DLC</subfield>
  </datafield>
  <datafield tag="130" ind1=" " ind2="0">
    <subfield code="a">Institut für Wirtschaftsstudien (Series).</subfield>
    <subfield code="n">Reihe II,</subfield>
    <subfield code="p">Empirische Studien</subfield>
  </datafield>
  <datafield tag="410" ind1="2" ind2="0">
    <subfield code="a">Institut für Wirtschaftsstudien.</subfield>
    <subfield code="t">Institut für Wirtschaftsstudien (Series).</subfield>
    <subfield code="n">Reihe II,</subfield>
    <subfield code="p">Empirische Studien</subfield>
  </datafield>
  <datafield tag="430" ind1=" " ind2="0">
    <subfield code="a">Empirische Studien</subfield>
  </datafield>
  <datafield tag="642" ind1=" " ind2=" ">
    <subfield code="a">No. 3</subfield>
    <subfield code="5">DLC</subfield>
  </datafield>
  <datafield tag="643" ind1=" " ind2=" ">
    <subfield code="a">Göttingen</subfield>
    <subfield code="b">T. Gries</subfield>
  </datafield>
  <datafield tag="644" ind1=" " ind2=" ">
    <subfield code="a">f</subfield>
    <subfield code="5">DLC</subfield>
  </datafield>
  <datafield tag="645" ind1=" " ind2=" ">
    <subfield code="a">t</subfield>
    <subfield code="5">DLC</subfield>
  </datafield>
  <datafield tag="646" ind1=" " ind2=" ">
    <subfield code="a">s</subfield>
    <subfield code="5">DLC</subfield>
  </datafield>
  <datafield tag="670" ind1=" " ind2=" ">
    <subfield code="a">Schubert, M. Flexible Wechselkurse, Wechselkursvolatilität und Welthandel, 1992:</subfield>
    <subfield code="b">cover (Institut für Wirtschaftsstudien, Reihe II, Empirische Studien)</subfield>
  </datafield>
</record>